@article{
	effective-learning,
	author = {Jeyaraj, John},
	year = {2019},
	month = {09},
	pages = {30-35},
	title = {Effective Learning and Quality Teaching},
	volume = {57},
	journal = {SSRN Electronic Journal}
}

@article{
	plagiat,
	author = {Chankova, Mariya},
	year = {2017},
	month = {07},
	pages = {},
	title = {Dealing with Students’ Plagiarism Pre-Emptively Through Teaching Proper Information Exploitation},
	volume = {11},
	journal = {International Journal for the Scholarship of Teaching and Learning}
}

@misc{
	lms,
	title="Learning Management System (LMS) [Электронный ресурс]",
	howpublished="Режим доступа: \url{https://www.hse.ru/en/studyspravka/lms_student/}, свободный (дата обращения: \today)"
}

@inbook{
	algorithms,
	author={Т.Н. Горностаева},
	booktitle={Алгоритмы},
	publisher={Мир науки},
	pages="10",
	language="russian",
	year=2019
}

@misc{
	gost,
	title="ГОСТ 19.701-90 [Электронный ресурс]",
	howpublished="Режим доступа: \url{https://docs.cntd.ru/document/9041994}, свободный (дата обращения: \today)"
}

@misc{
	thesaurus,
	title={Merriam-Webstem Thesaurus},
	howpublished="Режим доступа: \url{https://www.merriam-webster.com/dictionary}, свободный (дата обращения: \today)"
}

@inproceedings{
	lms-conference,
	author = {Jafari, Seyed and Salem, Suha and Moaddab, Mohaddece and Salem, Sharif},
	year = {2015},
	month = {08},
	pages = {64-69},
	title = {Learning Management System (LMS) success: An investigation among the university students},
	doi = {10.1109/IC3e.2015.7403488}
}

@misc{
	moodle,
	title={Moodle -- open-source learning platform},
	howpublished="Режим доступа: \url{https://www.moodle.org}, свободный (дата обращения: \today)"
}

@inproceedings{
	fingerprint-distance,
	author = {Narayanan, Sandhya and Surendran, Simi},
	year = {2012},
	month = {07},
	pages = {1065-1068},
	title = {Source code plagiarism detection and performance analysis using fingerprint based distance measure method},
	isbn = {978-1-4673-0241-8},
	journal = {ICCSE 2012 - Proceedings of 2012 7th International Conference on Computer Science and Education},
}

@article{
	algorithm-structure,
	author = {Halstead, M. H.},
	title = {Natural Laws Controlling Algorithm Structure},
	year = {1972},
	issue_date = {February 1972},
	publisher = {Association for Computing Machinery},
	address = {New York, NY, USA},
	volume = {7},
	number = {2},
	issn = {0362-1340},
	journal = {SIGPLAN Not.},
	month = {feb},
	pages = {19–26}
}

@misc{
	c-reserved-keywords,
	title={C reserved keyword | IBM documentation},
	howpublished="Режим доступа: \url{https://www.ibm.com/docs/en/wdfrhcw/1.4.0?topic=programs-c-reserved-keywords}, свободный (дата обращения: \today)"
}

@misc{
	xml,
	title={Extensible Markup Language},
	howpublished="Режим доступа: \url{https://www.w3.org/XML/}, свободный (дата обращения: \today)"
}

@book{
	AST,
	title={Abstract Syntax Tree},
	author={Miller, F.P. and Vandome, A.F. and John, M.B.},
	year={2010},
	publisher={VDM Publishing}
}

@incollection{
	string-kernel,
	volume = {10421},
	number = {10421 2017},
	author = {Raul Torres and Julian M. Kunkel and Manuel F. Dolz and Thomas Ludwig},
	series = {Lecture Notes in Computer Science},
	booktitle = {Parallel Computing Technologies: 14th International Conference, PaCT 2017, Nizhny Novgorod, Russia, September 4-8, 2017, Proceedings},
	editor = {V. Malyshkin},
	title = {A novel string representation and kernel function for the comparison of I/O access patterns},
	publisher = {Springer},
	year = {2017},
	pages = {500--512}
}

@inproceedings{
	ast-aproach,
	author={Torres, Raul and Ludwig, Thomas and Kunkel, Julian M. and Dolz, Manuel F.},
	booktitle={2018 International Conference on High Performance Computing Simulation (HPCS)},
	title={Comparison of Clang Abstract Syntax Trees using String Kernels},
	year={2018},
	pages={106-113}
}

@inproceedings{
	ast-op-values,
	author = {B. Fluri and H. C. Gall},
	booktitle = {14th IEEE International Conference on Program Comprehension},
	title = {Classifying Change Types for Qualifying Change Couplings},
	year = {2006},
	pages = {35-45},
	publisher = {IEEE Computer Society},
	address = {Los Alamitos, CA, USA},
	month = {jun}
}

@misc{
	clang,
	title={Clang C Language Family Frontend for LLVM},
	howpublished="Режим доступа: \url{https://clang.llvm.org/index.html}, свободный (дата обращения: \today)"
}

@misc{
	llvm,
	title={The LLVM Compiler Infrastructure Project},
	howpublished="Режим доступа: \url{https://llvm.org/}, свободный (дата обращения: \today)"
}

@misc{
	canvas-lms,
	title={Canvas LMS},
	howpublished="Режим доступа: \url{https://www.instructure.com/canvas}, свободный (дата обращения: \today)"
}

@inbook{
	levenshtein,
	author={Левенштейн, В. И.},
	title={Двоичные коды с исправлением выпадений, вставок и замещений символов},
	publisher={М.: Доклады АН СССР},
	volume={163},
	chapter={4},
	pages={845-848},
	language="russian",
	year={1965}
}

@misc{
	change-distiller,
	title={ChangeDistiller tool},
	howpublished="Режим доступа: \url{https://bitbucket.org/sealuzh/tools-changedistiller/wiki/Home}, свободный (дата обращения: \today)"
}

@misc{
	Algorithmi,
	title={Algorithmi},
	howpublished="Режим доступа: \url{http://algorithmi.ipt.pt/#more}, свободный (дата обращения: \today)"
}

@article{
	antiplagiat-xml,
	author = {Noh, Seo-Young and Gadia, Shashi},
	year = {2022},
	month = {01},
	pages = {},
	title = {An xml plagiarism detection model for procedural programming languages}
}