@inbook{
	kotov-petri,
	author={В.Е. Котов},
	booktitle={Сети Петри},
	publisher={М.: Наука},
	pages="160",
	language="russian",
	year=1984
}

@inbook{
	introspn,
	author = {Bause, Falko and Kritzinger, Pieter},
	year = {2013},
	month = {11},
	pages = {131},
	title = {Stochastic Petri Nets -An Introduction to the Theory},
}

@inproceedings{
	introspn2,
	author="Marsan, M. Ajmone",
	editor="Rozenberg, Grzegorz",
	title="Stochastic Petri nets: An elementary introduction",
	booktitle="Advances in Petri Nets 1989",
	year="1990",
	publisher="Springer Berlin Heidelberg",
	pages="1--29"
}

@article{
	transient,
	title = {Transient analysis of non-Markovian models using stochastic state classes},
	journal = {Performance Evaluation},
	volume = {69},
	number = {7},
	pages = {315-335},
	year = {2012},
	note = {Selected papers from QEST 2010},
	issn = {0166-5316},
	author = {András Horváth and Marco Paolieri and Lorenzo Ridi and Enrico Vicario}
}

@inbook{
	software-standards,
	author={К. Вигерс},
	booktitle={Разработка требований к программному
	обеспечению},
	publisher={М.: Русская редакция},
	pages="576",
	language="russian",
	year=2004
}

@article{
	reward2,
	title = {Dependability modeling of real-time systems using stochastic reward nets},
	journal = {Microelectronics Reliability},
	volume = {35},
	number = {6},
	pages = {903-914},
	year = {1995},
	issn = {0026-2714},
	author = {Cristian Constantinescu and Kishor Trivedi}
}

@misc{
	gost,
	title="ГОСТ 34.601-90 [Электронный ресурс]",
	howpublished="Режим доступа: \url{https://docs.cntd.ru/document/1200006921}, свободный (дата обращения: \today)"
}

@misc{
	fide,
	title="FIDE laws of chess [Электронный ресурс]",
	howpublished="Режим доступа: \url{https://www.fide.com/FIDE/handbook/LawsOfChess.pdf}, свободный (дата обращения: \today)"
}

@misc{
	fen,
	title="Forsyth-Edwards Notation (FEN) [Электронный ресурс]",
	howpublished="Режим доступа: \url{https://www.chess.com/terms/fen-chess}, свободный (дата обращения: \today)"
}

@misc{
	ps,
	title="Terence Tao - Phase Space [Электронный ресурс]",
	howpublished="Режим доступа: \url{https://www.math.ucla.edu/~tao/preprints/phase_space.pdf}, свободный (дата обращения: \today)"
}

@misc{
	5dchess,
	title="5D Chess With Multiverse Time Travel [Электронный ресурс]",
	howpublished="Режим доступа: \url{https://store.steampowered.com/app/1349230/5D_Chess_With_Multiverse_Time_Travel/}, свободный (дата обращения: \today)"
}

@misc{
	1c,
	title="Фирма <<1С>> [Электронный ресурс]",
	howpublished="Режим доступа: \url{https://1c.ru/}, свободный (дата обращения: \today)"
}

@misc{
	odkb,
	title="Организация Договора о коллективной безопастности [Электронный ресурс]",
	howpublished="Режим доступа: \url{https://odkb-csto.org/}, свободный (дата обращения: \today)"
}

@misc{
	roseu,
	title="РОСЭУ [Электронный ресурс]",
	howpublished="Режим доступа: \url{https://roseu.org/news/uzedo-russia-2023/}, свободный (дата обращения: \today)"
}

@article{
	data-flow,
	author = {W. Hasselbring, M. Wojcieszak and S. Dustdar},
	year = {2021},
	month = {08},
	pages = {5-12},
	title = {Control Flow
	Versus Data Flow in Distributed Systems Integration: Revival of Flow-Based
	Programming for the Industrial Internet of Things},
	volume = {25},
	journal = {IEEE Internet Computing}
}

@misc{
	fz-ds,
	title="ФЗ-63 <<Об электронной подписи>> [Электронный ресурс]",
	howpublished="Режим доступа: \url{http://pravo.gov.ru/proxy/ips/?docbody=&nd=102146610}, свободный (дата обращения: \today)"
}

@misc{
	fns,
	title="Электронный документооборот [Электронный ресурс]",
	howpublished="Режим доступа: \url{https://www.nalog.gov.ru/rn77/related_activities/el_doc/}, свободный (дата обращения: \today)"
}

@misc{
	fz-archive,
	title="22.10.2004 N 125-ФЗ <<Об архивном деле в Российской Федерации>> [Электронный ресурс]",
	howpublished="Режим доступа: \url{http://pravo.gov.ru/proxy/ips/?docbody=&nd=102089077}, свободный (дата обращения: \today)"
}

@misc{
	archive-price,
	title="Доклад руководителя Федерального архивного агентства, 
	исторических наук А.Н. Артизова на расширенном заседании коллегии
	Росархива 28 февраля 2013 г.<<Об итогах работы Федерального архивного агентства и подведомственных ему учреждений за 2012 г. и задачах на 2013г.>> [Электронный ресурс]",
	howpublished="Режим доступа: \url{http://archives.ru/reporting/report-artizov-2013-kollegia.shtml}, свободный (дата обращения: \today)"
}

@misc{
	kontur,
	title="Контур.Диадок -- ЭДО [Электронный ресурс]",
	howpublished="Режим доступа: \url{https://kontur.ru/diadoc/spravka/275-perehod_na_edo}, свободный (дата обращения: \today)"
}

@misc{
	bitrix,
	title="Битрикс24 [Электронный ресурс]",
	howpublished="Режим доступа: \url{https://www.bitrix24.ru/}, свободный (дата обращения: \today)"
}

@misc{
	sber,
	title="Электронный документооборот [Электронный ресурс]",
	howpublished="Режим доступа: \url{http://www.sberbank.ru/ru/s_m_business/nbs/e-invoicing}, свободный (дата обращения: \today)"
}

@misc{
	sbis,
	title="СБИС [Электронный ресурс]",
	howpublished="Режим доступа: \url{https://sbis.ru/}, свободный (дата обращения: \today)"
}

@misc{
	ace,
	title="Alfresco Comunity Edition [Электронный ресурс]",
	howpublished="Режим доступа: \url{https://www.hyland.com/en/products/alfresco-platform}, свободный (дата обращения: \today)"
}

@book{
	spn,
	author = {Bause, Falko and Kritzinger, Pieter},
	year = {2013},
	month = {11},
	pages = {},
	title = {Stochastic Petri Nets -- An Introduction to the Theory},
	isbn = {3-528-15535-3}
}

@misc{
	prolog,
	title="SWI-Prolog [Электронный ресурс]",
	howpublished="Режим доступа: \url{https://www.swi-prolog.org/}, свободный (дата обращения: \today)"
}

@misc{
	prolog-clpfg,
	title="SWI-Prolog manual [Электронный ресурс]",
	howpublished="Режим доступа: \url{https://www.swi-prolog.org/man/clpfd.html}, свободный (дата обращения: \today)"
}

@misc{
	quantum-games,
	title="Defining Quantum Games [Электронный ресурс]",
	author={Laura Piispanen and Marcel Pfaffhauser and James Wootton and Julian Togelius and Annakaisa Kultima},
	eprint={2206.00089},
	primaryClass={quant-ph},
	howpublished="Режим доступа: \url{ 	
	https://doi.org/10.48550/arXiv.2206.00089}, свободный (дата обращения: \today)"
}

@misc{
	oris,
	title="Oris Tool [Электронный ресурс]",
	howpublished="Режим доступа: \url{https://www.oris-tool.org/}, свободный (дата обращения: \today)"
}

@inproceedings{
	forward-transient,
	author = {Choi Hoon, Kulkarni Vidyadhar G., Trivedi, Kishor S.},
	title = {Transient analysis of deterministic and stochastic Petri nets},
	booktitle = {Application and Theory of Petri Nets 1993},
	year = {1993},
	publisher = {Springer},
	pages = {166-185},
	isbn = {978-3-540-47759-4}
}

@inproceedings{
	regenerative-transient,
	author={German, R. and Logothetis, D. and Trivedi, K.S.},
	booktitle={Proceedings 6th International Workshop on Petri Nets and Performance Models},
	title={Transient analysis of Markov regenerative stochastic Petri nets: a comparison of approaches}, 
	year={1995},
	pages={103-112},
	doi={10.1109/PNPM.1995.524320}
}

@article{
	reward,
	title = {Performance analysis of Markov regenerative reward models},
	journal = {Performance Evaluation},
	volume = {27-28},
	pages = {1-18},
	year = {1996},
	issn = {0166-5316},
	doi = {https://doi.org/10.1016/S0166-5316(96)90017-6},
	author = {Miklos Telek, Andras Pfening}
}

@INPROCEEDINGS{dadaya,
	author={Stroganov, Yuri V. and Bogachenko, Artyom E.},
	booktitle={2024 6th International Youth Conference on Radio Electronics, Electrical and Power Engineering (REEPE)}, 
	title={Modeling Digital Document Flow Processes with Stochastic Timed Petri Nets}, 
	year={2024},
	volume={},
	number={},
	pages={1-5}
}

@Article{
	quantum-discrete,
	author={Gatti, Laura N.
	and Lacalle, Jes{\'u}s},
	title={A model of discrete quantum computation},
	journal={Quantum Information Processing},
	year={2018},
	month={Jun},
	day={21},
	volume={17},
	number={8},
	pages={192},
	issn={1573-1332}
}

@ARTICLE{
	quantum-discrete2,
	author={Altafini, Claudio and Ticozzi, Francesco},
	journal={IEEE Transactions on Automatic Control}, 
	title={Modeling and Control of Quantum Systems: An Introduction}, 
	year={2012},
	volume={57},
	number={8},
	pages={1898-1917}
}

@Article{
	quantum-discrete3,
	author={Kornyak, V. V.},
	title={Classical and quantum discrete dynamical systems},
	journal={Physics of Particles and Nuclei},
	year={2013},
	month={Jan},
	day={01},
	volume={44},
	number={1},
	pages={47-91},
	issn={1531-8559}
}

@article{
	quantum-theory,
	year = {2014},
	month = {mar},
	publisher = {IOP Publishing},
	volume = {47},
	number = {11},
	pages = {115305},
	author = {Andrew J Hanson and Gerardo Ortiz and Amr Sabry and Yu-Tsung Tai},
	title = {Discrete quantum theories},
	journal = {Journal of Physics A: Mathematical and Theoretical}
}
