@inbook{
	kotov-petri,
	author={В.Е. Котов},
	booktitle={Сети Петри},
	publisher={М.: Наука},
	pages="160",
	language="russian",
	year=1984
}

@inbook{
	software-standards,
	author={К. Вигерс},
	booktitle={Разработка требований к программному
	обеспечению},
	publisher={М.: Русская редакция},
	pages="576",
	language="russian",
	year=2004
}

@misc{
	gost,
	title="ГОСТ 34.601-90 [Электронный ресурс]",
	howpublished="Режим доступа: \url{https://docs.cntd.ru/document/1200006921}, свободный (дата обращения: \today)"
}

@misc{
	1c,
	title="Фирма <<1С>> [Электронный ресурс]",
	howpublished="Режим доступа: \url{https://1c.ru/}, свободный (дата обращения: \today)"
}

@misc{
	odkb,
	title="Организация Договора о коллективной безопастности [Электронный ресурс]",
	howpublished="Режим доступа: \url{https://odkb-csto.org/}, свободный (дата обращения: \today)"
}

@misc{
	roseu,
	title="РОСЭУ [Электронный ресурс]",
	howpublished="Режим доступа: \url{https://roseu.org/news/uzedo-russia-2023/}, свободный (дата обращения: \today)"
}

@article{
	data-flow,
	author = {W. Hasselbring, M. Wojcieszak and S. Dustdar},
	year = {2021},
	month = {08},
	pages = {5-12},
	title = {Control Flow
	Versus Data Flow in Distributed Systems Integration: Revival of Flow-Based
	Programming for the Industrial Internet of Things},
	volume = {25},
	journal = {IEEE Internet Computing}
}

@misc{
	fz-ds,
	title="ФЗ-63 <<Об электронной подписи>> [Электронный ресурс]",
	howpublished="Режим доступа: \url{http://pravo.gov.ru/proxy/ips/?docbody=&nd=102146610}, свободный (дата обращения: \today)"
}

@misc{
	fns,
	title="Электронный документооборот [Электронный ресурс]",
	howpublished="Режим доступа: \url{https://www.nalog.gov.ru/rn77/related_activities/el_doc/}, свободный (дата обращения: \today)"
}

@misc{
	fz-archive,
	title="22.10.2004 N 125-ФЗ <<Об архивном деле в Российской Федерации>> [Электронный ресурс]",
	howpublished="Режим доступа: \url{http://pravo.gov.ru/proxy/ips/?docbody=&nd=102089077}, свободный (дата обращения: \today)"
}

@misc{
	archive-price,
	title="Доклад руководителя Федерального архивного агентства, 
	исторических наук А.Н. Артизова на расширенном заседании коллегии
	Росархива 28 февраля 2013 г.<<Об итогах работы Федерального архивного агентства и подведомственных ему учреждений за 2012 г. и задачах на 2013г.>> [Электронный ресурс]",
	howpublished="Режим доступа: \url{http://archives.ru/reporting/report-artizov-2013-kollegia.shtml}, свободный (дата обращения: \today)"
}

@misc{
	kontur,
	title="Контур.Диадок -- ЭДО [Электронный ресурс]",
	howpublished="Режим доступа: \url{https://kontur.ru/diadoc/spravka/275-perehod_na_edo}, свободный (дата обращения: \today)"
}

@misc{
	bitrix,
	title="Битрикс24 [Электронный ресурс]",
	howpublished="Режим доступа: \url{https://www.bitrix24.ru/}, свободный (дата обращения: \today)"
}

@misc{
	sber,
	title="Электронный документооборот [Электронный ресурс]",
	howpublished="Режим доступа: \url{http://www.sberbank.ru/ru/s_m_business/nbs/e-invoicing}, свободный (дата обращения: \today)"
}

@misc{
	sbis,
	title="СБИС [Электронный ресурс]",
	howpublished="Режим доступа: \url{https://sbis.ru/}, свободный (дата обращения: \today)"
}

@misc{
	ace,
	title="Alfresco Comunity Edition [Электронный ресурс]",
	howpublished="Режим доступа: \url{https://www.hyland.com/en/products/alfresco-platform}, свободный (дата обращения: \today)"
}

@book{
	spn,
	author = {Bause, Falko and Kritzinger, Pieter},
	year = {2013},
	month = {11},
	pages = {},
	title = {Stochastic Petri Nets -- An Introduction to the Theory},
	isbn = {3-528-15535-3}
}

@misc{
	oris,
	title="Oris Tool [Электронный ресурс]",
	howpublished="Режим доступа: \url{https://www.oris-tool.org/}, свободный (дата обращения: \today)"
}

@inproceedings{
	forward-transient,
	author = {Choi Hoon, Kulkarni Vidyadhar G., Trivedi, Kishor S.},
	title = {Transient analysis of deterministic and stochastic Petri nets},
	booktitle = {Application and Theory of Petri Nets 1993},
	year = {1993},
	publisher = {Springer},
	pages = {166-185},
	isbn = {978-3-540-47759-4}
}

@inproceedings{
	regenerative-transient,
	author={German, R. and Logothetis, D. and Trivedi, K.S.},
	booktitle={Proceedings 6th International Workshop on Petri Nets and Performance Models},
	title={Transient analysis of Markov regenerative stochastic Petri nets: a comparison of approaches}, 
	year={1995},
	pages={103-112},
	doi={10.1109/PNPM.1995.524320}
}

@article{
	reward,
	title = {Performance analysis of Markov regenerative reward models},
	journal = {Performance Evaluation},
	volume = {27-28},
	pages = {1-18},
	year = {1996},
	issn = {0166-5316},
	doi = {https://doi.org/10.1016/S0166-5316(96)90017-6},
	author = {Miklos Telek, Andras Pfening}
}
